@article{knuth84,
  author = {Knuth, Donald E.},
  title = {Literate Programming},
  year = {1984},
  issue_date = {May 1984},
  publisher = {Oxford University Press, Inc.},
  address = {USA},
  volume = {27},
  number = {2},
  issn = {0010-4620},
  url = {https://doi.org/10.1093/comjnl/27.2.97},
  doi = {10.1093/comjnl/27.2.97},
  journal = {Comput. J.},
  month = may,
  pages = {97–111},
  numpages = {15}
}
@Book{xie2015,
  title = {Dynamic Documents with {R} and knitr},
  author = {Yihui Xie},
  publisher = {Chapman and Hall/CRC},
  address = {Boca Raton, Florida},
  year = {2015},
  edition = {2nd},
  note = {ISBN 978-1498716963},
  url = {http://yihui.name/knitr/},
}
@Book{dusa2015,
  title = {{R} cu aplicații în statistică},
  author = {Adrian Dușa and Nicoleta Caragea and Ciprian Alexandru},
  publisher = {Editura Universității București},
  address = {București, România},
  year = {2015},
  edition = {1st},
  note = {ISBN 978-606-16-0643-6},
  url = {https://editura-unibuc.ro/magazin/stiinte-socio-umane/r-cu-aplicatii-in-statistica/},
}
@Book{caragea2015,
  title = {Statistică - concepte și metode de analiză a datelor},
  author = {Nicoleta Caragea},
  publisher = {Editura MUSTANG},
  address = {București, România},
  year = {2015},
  edition = {1st},
  note = {ISBN 978-606-652-063-8},
  url = {},
}



